%YAML 1.1
%TAG !u! tag:unity3d.com,2011:
--- !u!1 &4278792674301858392
GameObject:
  m_ObjectHideFlags: 0
  m_CorrespondingSourceObject: {fileID: 0}
  m_PrefabInstance: {fileID: 0}
  m_PrefabAsset: {fileID: 0}
  serializedVersion: 6
  m_Component:
  - component: {fileID: 5306166041361141134}
  - component: {fileID: 1105865068049698122}
  - component: {fileID: 4798536079435833682}
  m_Layer: 8
  m_Name: EngineAudio
  m_TagString: Untagged
  m_Icon: {fileID: 0}
  m_NavMeshLayer: 0
  m_StaticEditorFlags: 0
  m_IsActive: 1
--- !u!4 &5306166041361141134
Transform:
  m_ObjectHideFlags: 0
  m_CorrespondingSourceObject: {fileID: 0}
  m_PrefabInstance: {fileID: 0}
  m_PrefabAsset: {fileID: 0}
  m_GameObject: {fileID: 4278792674301858392}
  m_LocalRotation: {x: 0, y: 0, z: 0, w: 1}
  m_LocalPosition: {x: 0, y: 0, z: 0}
  m_LocalScale: {x: 1, y: 1, z: 1}
  m_Children: []
  m_Father: {fileID: 4931386212212803862}
  m_RootOrder: 1
  m_LocalEulerAnglesHint: {x: 0, y: 0, z: 0}
--- !u!114 &1105865068049698122
MonoBehaviour:
  m_ObjectHideFlags: 0
  m_CorrespondingSourceObject: {fileID: 0}
  m_PrefabInstance: {fileID: 0}
  m_PrefabAsset: {fileID: 0}
  m_GameObject: {fileID: 4278792674301858392}
  m_Enabled: 1
  m_EditorHideFlags: 0
  m_Script: {fileID: 11500000, guid: b50fc8b96d4b6aa498a29d4989715557, type: 3}
  m_Name: 
  m_EditorClassIdentifier: 
  engineAudioSource: {fileID: 4798536079435833682}
  engineIdleClip: {fileID: 8300000, guid: 5c920351a12287743b961579547e2f09, type: 3}
  engineDrivingClip: {fileID: 8300000, guid: 03a40097c390d934788825ca3fb1d8fb, type: 3}
--- !u!82 &4798536079435833682
AudioSource:
  m_ObjectHideFlags: 0
  m_CorrespondingSourceObject: {fileID: 0}
  m_PrefabInstance: {fileID: 0}
  m_PrefabAsset: {fileID: 0}
  m_GameObject: {fileID: 4278792674301858392}
  m_Enabled: 1
  serializedVersion: 4
  OutputAudioMixerGroup: {fileID: -3708033049651494591, guid: c6e261e2f7db26649b55a27386b69ee4,
    type: 2}
  m_audioClip: {fileID: 8300000, guid: 5c920351a12287743b961579547e2f09, type: 3}
  m_PlayOnAwake: 1
  m_Volume: 1
  m_Pitch: 1
  Loop: 1
  Mute: 0
  Spatialize: 0
  SpatializePostEffects: 0
  Priority: 128
  DopplerLevel: 1
  MinDistance: 3
  MaxDistance: 500
  Pan2D: 0
  rolloffMode: 0
  BypassEffects: 0
  BypassListenerEffects: 0
  BypassReverbZones: 0
  rolloffCustomCurve:
    serializedVersion: 2
    m_Curve:
    - serializedVersion: 3
      time: 0.002
      value: 1
      inSlope: -4.165707
      outSlope: -4.165707
      tangentMode: 0
      weightedMode: 0
      inWeight: 0
      outWeight: 0.4687906
    - serializedVersion: 3
      time: 0.1445486
      value: 0.20506126
      inSlope: -1.0020039
      outSlope: -1.0020039
      tangentMode: 0
      weightedMode: 0
      inWeight: 0.33333334
      outWeight: 0.33333334
    - serializedVersion: 3
      time: 1
      value: 0
      inSlope: -0.13189976
      outSlope: -0.13189976
      tangentMode: 0
      weightedMode: 0
      inWeight: 0.27200153
      outWeight: 0
    m_PreInfinity: 2
    m_PostInfinity: 2
    m_RotationOrder: 4
  panLevelCustomCurve:
    serializedVersion: 2
    m_Curve:
    - serializedVersion: 3
      time: 0
      value: 1
      inSlope: 0
      outSlope: 0
      tangentMode: 0
      weightedMode: 0
      inWeight: 0.33333334
      outWeight: 0.33333334
    m_PreInfinity: 2
    m_PostInfinity: 2
    m_RotationOrder: 4
  spreadCustomCurve:
    serializedVersion: 2
    m_Curve:
    - serializedVersion: 3
      time: 0
      value: 0
      inSlope: 0
      outSlope: 0
      tangentMode: 0
      weightedMode: 0
      inWeight: 0.33333334
      outWeight: 0.33333334
    m_PreInfinity: 2
    m_PostInfinity: 2
    m_RotationOrder: 4
  reverbZoneMixCustomCurve:
    serializedVersion: 2
    m_Curve:
    - serializedVersion: 3
      time: 0
      value: 1
      inSlope: 0
      outSlope: 0
      tangentMode: 0
      weightedMode: 0
      inWeight: 0.33333334
      outWeight: 0.33333334
    m_PreInfinity: 2
    m_PostInfinity: 2
    m_RotationOrder: 4
--- !u!1 &4931386212212774128
GameObject:
  m_ObjectHideFlags: 0
  m_CorrespondingSourceObject: {fileID: 0}
  m_PrefabInstance: {fileID: 0}
  m_PrefabAsset: {fileID: 0}
  serializedVersion: 6
  m_Component:
  - component: {fileID: 4931386212212803856}
  - component: {fileID: 4931386212209412430}
  - component: {fileID: 4931386212210510734}
  m_Layer: 8
  m_Name: TankTracksRight
  m_TagString: Untagged
  m_Icon: {fileID: 0}
  m_NavMeshLayer: 0
  m_StaticEditorFlags: 0
  m_IsActive: 1
--- !u!4 &4931386212212803856
Transform:
  m_ObjectHideFlags: 0
  m_CorrespondingSourceObject: {fileID: 0}
  m_PrefabInstance: {fileID: 0}
  m_PrefabAsset: {fileID: 0}
  m_GameObject: {fileID: 4931386212212774128}
  m_LocalRotation: {x: 0, y: -0, z: -0, w: 1}
  m_LocalPosition: {x: -0, y: 0, z: 0}
  m_LocalScale: {x: 1, y: 1, z: 1}
  m_Children: []
  m_Father: {fileID: 4931386212212803866}
  m_RootOrder: 2
  m_LocalEulerAnglesHint: {x: 0, y: 0, z: 0}
--- !u!33 &4931386212209412430
MeshFilter:
  m_ObjectHideFlags: 0
  m_CorrespondingSourceObject: {fileID: 0}
  m_PrefabInstance: {fileID: 0}
  m_PrefabAsset: {fileID: 0}
  m_GameObject: {fileID: 4931386212212774128}
  m_Mesh: {fileID: 4300006, guid: 002e2a607f5b64c48be0b3b0d8b8bfdd, type: 3}
--- !u!23 &4931386212210510734
MeshRenderer:
  m_ObjectHideFlags: 0
  m_CorrespondingSourceObject: {fileID: 0}
  m_PrefabInstance: {fileID: 0}
  m_PrefabAsset: {fileID: 0}
  m_GameObject: {fileID: 4931386212212774128}
  m_Enabled: 1
  m_CastShadows: 1
  m_ReceiveShadows: 1
  m_DynamicOccludee: 1
  m_MotionVectors: 1
  m_LightProbeUsage: 1
  m_ReflectionProbeUsage: 1
  m_RayTracingMode: 2
  m_RayTraceProcedural: 0
  m_RenderingLayerMask: 1
  m_RendererPriority: 0
  m_Materials:
  - {fileID: 2100000, guid: 12c120f2400576c4f97a98bcca5529bc, type: 2}
  - {fileID: 2100000, guid: c4c5f95d06932564c8672b4bafeb1b28, type: 2}
  m_StaticBatchInfo:
    firstSubMesh: 0
    subMeshCount: 0
  m_StaticBatchRoot: {fileID: 0}
  m_ProbeAnchor: {fileID: 0}
  m_LightProbeVolumeOverride: {fileID: 0}
  m_ScaleInLightmap: 1
  m_ReceiveGI: 1
  m_PreserveUVs: 0
  m_IgnoreNormalsForChartDetection: 0
  m_ImportantGI: 0
  m_StitchLightmapSeams: 1
  m_SelectedEditorRenderState: 3
  m_MinimumChartSize: 4
  m_AutoUVMaxDistance: 0.5
  m_AutoUVMaxAngle: 89
  m_LightmapParameters: {fileID: 0}
  m_SortingLayerID: 0
  m_SortingLayer: 0
  m_SortingOrder: 0
  m_AdditionalVertexStreams: {fileID: 0}
--- !u!1 &4931386212212774130
GameObject:
  m_ObjectHideFlags: 0
  m_CorrespondingSourceObject: {fileID: 0}
  m_PrefabInstance: {fileID: 0}
  m_PrefabAsset: {fileID: 0}
  serializedVersion: 6
  m_Component:
  - component: {fileID: 4931386212212803858}
  - component: {fileID: 4931386212209412416}
  - component: {fileID: 4931386212210510720}
  m_Layer: 8
  m_Name: TankTracksLeft
  m_TagString: Untagged
  m_Icon: {fileID: 0}
  m_NavMeshLayer: 0
  m_StaticEditorFlags: 0
  m_IsActive: 1
--- !u!4 &4931386212212803858
Transform:
  m_ObjectHideFlags: 0
  m_CorrespondingSourceObject: {fileID: 0}
  m_PrefabInstance: {fileID: 0}
  m_PrefabAsset: {fileID: 0}
  m_GameObject: {fileID: 4931386212212774130}
  m_LocalRotation: {x: 0, y: -0, z: -0, w: 1}
  m_LocalPosition: {x: -0, y: 0, z: 0}
  m_LocalScale: {x: 1, y: 1, z: 1}
  m_Children: []
  m_Father: {fileID: 4931386212212803866}
  m_RootOrder: 1
  m_LocalEulerAnglesHint: {x: 0, y: 0, z: 0}
--- !u!33 &4931386212209412416
MeshFilter:
  m_ObjectHideFlags: 0
  m_CorrespondingSourceObject: {fileID: 0}
  m_PrefabInstance: {fileID: 0}
  m_PrefabAsset: {fileID: 0}
  m_GameObject: {fileID: 4931386212212774130}
  m_Mesh: {fileID: 4300004, guid: 002e2a607f5b64c48be0b3b0d8b8bfdd, type: 3}
--- !u!23 &4931386212210510720
MeshRenderer:
  m_ObjectHideFlags: 0
  m_CorrespondingSourceObject: {fileID: 0}
  m_PrefabInstance: {fileID: 0}
  m_PrefabAsset: {fileID: 0}
  m_GameObject: {fileID: 4931386212212774130}
  m_Enabled: 1
  m_CastShadows: 1
  m_ReceiveShadows: 1
  m_DynamicOccludee: 1
  m_MotionVectors: 1
  m_LightProbeUsage: 1
  m_ReflectionProbeUsage: 1
  m_RayTracingMode: 2
  m_RayTraceProcedural: 0
  m_RenderingLayerMask: 1
  m_RendererPriority: 0
  m_Materials:
  - {fileID: 2100000, guid: 12c120f2400576c4f97a98bcca5529bc, type: 2}
  - {fileID: 2100000, guid: c4c5f95d06932564c8672b4bafeb1b28, type: 2}
  m_StaticBatchInfo:
    firstSubMesh: 0
    subMeshCount: 0
  m_StaticBatchRoot: {fileID: 0}
  m_ProbeAnchor: {fileID: 0}
  m_LightProbeVolumeOverride: {fileID: 0}
  m_ScaleInLightmap: 1
  m_ReceiveGI: 1
  m_PreserveUVs: 0
  m_IgnoreNormalsForChartDetection: 0
  m_ImportantGI: 0
  m_StitchLightmapSeams: 1
  m_SelectedEditorRenderState: 3
  m_MinimumChartSize: 4
  m_AutoUVMaxDistance: 0.5
  m_AutoUVMaxAngle: 89
  m_LightmapParameters: {fileID: 0}
  m_SortingLayerID: 0
  m_SortingLayer: 0
  m_SortingOrder: 0
  m_AdditionalVertexStreams: {fileID: 0}
--- !u!1 &4931386212212774132
GameObject:
  m_ObjectHideFlags: 0
  m_CorrespondingSourceObject: {fileID: 0}
  m_PrefabInstance: {fileID: 0}
  m_PrefabAsset: {fileID: 0}
  serializedVersion: 6
  m_Component:
  - component: {fileID: 4931386212212803860}
  - component: {fileID: 4931386212209412422}
  - component: {fileID: 4931386212210510726}
  m_Layer: 8
  m_Name: TankChassis
  m_TagString: Untagged
  m_Icon: {fileID: 0}
  m_NavMeshLayer: 0
  m_StaticEditorFlags: 0
  m_IsActive: 1
--- !u!4 &4931386212212803860
Transform:
  m_ObjectHideFlags: 0
  m_CorrespondingSourceObject: {fileID: 0}
  m_PrefabInstance: {fileID: 0}
  m_PrefabAsset: {fileID: 0}
  m_GameObject: {fileID: 4931386212212774132}
  m_LocalRotation: {x: 0, y: -0, z: -0, w: 1}
  m_LocalPosition: {x: 0.00000009519595, y: 0, z: -0.07388233}
  m_LocalScale: {x: 1, y: 1, z: 1}
  m_Children: []
  m_Father: {fileID: 4931386212212803866}
  m_RootOrder: 0
  m_LocalEulerAnglesHint: {x: 0, y: 0, z: 0}
--- !u!33 &4931386212209412422
MeshFilter:
  m_ObjectHideFlags: 0
  m_CorrespondingSourceObject: {fileID: 0}
  m_PrefabInstance: {fileID: 0}
  m_PrefabAsset: {fileID: 0}
  m_GameObject: {fileID: 4931386212212774132}
  m_Mesh: {fileID: 4300000, guid: 002e2a607f5b64c48be0b3b0d8b8bfdd, type: 3}
--- !u!23 &4931386212210510726
MeshRenderer:
  m_ObjectHideFlags: 0
  m_CorrespondingSourceObject: {fileID: 0}
  m_PrefabInstance: {fileID: 0}
  m_PrefabAsset: {fileID: 0}
  m_GameObject: {fileID: 4931386212212774132}
  m_Enabled: 1
  m_CastShadows: 1
  m_ReceiveShadows: 1
  m_DynamicOccludee: 1
  m_MotionVectors: 1
  m_LightProbeUsage: 1
  m_ReflectionProbeUsage: 1
  m_RayTracingMode: 2
  m_RayTraceProcedural: 0
  m_RenderingLayerMask: 1
  m_RendererPriority: 0
  m_Materials:
  - {fileID: 2100000, guid: 12c120f2400576c4f97a98bcca5529bc, type: 2}
  - {fileID: 2100000, guid: 574c4e070e5dd0a40a02b979f582a836, type: 2}
  - {fileID: 2100000, guid: c4c5f95d06932564c8672b4bafeb1b28, type: 2}
  m_StaticBatchInfo:
    firstSubMesh: 0
    subMeshCount: 0
  m_StaticBatchRoot: {fileID: 0}
  m_ProbeAnchor: {fileID: 0}
  m_LightProbeVolumeOverride: {fileID: 0}
  m_ScaleInLightmap: 1
  m_ReceiveGI: 1
  m_PreserveUVs: 0
  m_IgnoreNormalsForChartDetection: 0
  m_ImportantGI: 0
  m_StitchLightmapSeams: 1
  m_SelectedEditorRenderState: 3
  m_MinimumChartSize: 4
  m_AutoUVMaxDistance: 0.5
  m_AutoUVMaxAngle: 89
  m_LightmapParameters: {fileID: 0}
  m_SortingLayerID: 0
  m_SortingLayer: 0
  m_SortingOrder: 0
  m_AdditionalVertexStreams: {fileID: 0}
--- !u!1 &4931386212212774134
GameObject:
  m_ObjectHideFlags: 0
  m_CorrespondingSourceObject: {fileID: 0}
  m_PrefabInstance: {fileID: 0}
  m_PrefabAsset: {fileID: 0}
  serializedVersion: 6
  m_Component:
  - component: {fileID: 4931386212212803862}
  - component: {fileID: 2114652252}
  - component: {fileID: 7487156021809163317}
  - component: {fileID: 4424038055347235656}
  m_Layer: 8
  m_Name: Tank
  m_TagString: Untagged
  m_Icon: {fileID: 0}
  m_NavMeshLayer: 0
  m_StaticEditorFlags: 0
  m_IsActive: 1
--- !u!4 &4931386212212803862
Transform:
  m_ObjectHideFlags: 0
  m_CorrespondingSourceObject: {fileID: 0}
  m_PrefabInstance: {fileID: 0}
  m_PrefabAsset: {fileID: 0}
  m_GameObject: {fileID: 4931386212212774134}
  m_LocalRotation: {x: 0, y: 0, z: 0, w: 1}
  m_LocalPosition: {x: 3.75, y: 0, z: 0}
  m_LocalScale: {x: 1, y: 1, z: 1}
  m_Children:
  - {fileID: 4931386212212803866}
  - {fileID: 5306166041361141134}
  - {fileID: 622318226085458310}
  - {fileID: 3388815784093879097}
  m_Father: {fileID: 0}
  m_RootOrder: 0
  m_LocalEulerAnglesHint: {x: 0, y: 0, z: 0}
--- !u!114 &2114652252
MonoBehaviour:
  m_ObjectHideFlags: 0
  m_CorrespondingSourceObject: {fileID: 0}
  m_PrefabInstance: {fileID: 0}
  m_PrefabAsset: {fileID: 0}
  m_GameObject: {fileID: 4931386212212774134}
  m_Enabled: 1
  m_EditorHideFlags: 0
  m_Script: {fileID: 11500000, guid: badd529ed09eb89419671c124f59b400, type: 3}
  m_Name: 
  m_EditorClassIdentifier: 
  inputReader: {fileID: 11400000, guid: 3499c49f0f368604495bd457e70ed436, type: 2}
  turretsHolder: {fileID: 1961435055412521218}
  turrets:
  - {fileID: 779133841007583098}
  - {fileID: 5473271478064033375}
  movementSpeed: 10
  armour: 0.8
  maxHealth: 100
--- !u!54 &7487156021809163317
Rigidbody:
  m_ObjectHideFlags: 0
  m_CorrespondingSourceObject: {fileID: 0}
  m_PrefabInstance: {fileID: 0}
  m_PrefabAsset: {fileID: 0}
  m_GameObject: {fileID: 4931386212212774134}
  serializedVersion: 2
  m_Mass: 1
  m_Drag: 1
  m_AngularDrag: 0.05
  m_UseGravity: 1
  m_IsKinematic: 0
  m_Interpolate: 0
  m_Constraints: 0
  m_CollisionDetection: 0
--- !u!65 &4424038055347235656
BoxCollider:
  m_ObjectHideFlags: 0
  m_CorrespondingSourceObject: {fileID: 0}
  m_PrefabInstance: {fileID: 0}
  m_PrefabAsset: {fileID: 0}
  m_GameObject: {fileID: 4931386212212774134}
  m_Material: {fileID: 0}
  m_IsTrigger: 0
  m_Enabled: 1
  serializedVersion: 2
  m_Size: {x: 1.53, y: 1.7918786, z: 2.2156246}
  m_Center: {x: 0, y: 0.928516, z: -0.045038342}
--- !u!1 &4931386212212774138
GameObject:
  m_ObjectHideFlags: 0
  m_CorrespondingSourceObject: {fileID: 0}
  m_PrefabInstance: {fileID: 0}
  m_PrefabAsset: {fileID: 0}
  serializedVersion: 6
  m_Component:
  - component: {fileID: 4931386212212803866}
  m_Layer: 8
  m_Name: TankRenderers
  m_TagString: Untagged
  m_Icon: {fileID: 0}
  m_NavMeshLayer: 0
  m_StaticEditorFlags: 0
  m_IsActive: 1
--- !u!4 &4931386212212803866
Transform:
  m_ObjectHideFlags: 0
  m_CorrespondingSourceObject: {fileID: 0}
  m_PrefabInstance: {fileID: 0}
  m_PrefabAsset: {fileID: 0}
  m_GameObject: {fileID: 4931386212212774138}
  m_LocalRotation: {x: 0, y: -0, z: -0, w: 1}
  m_LocalPosition: {x: -0, y: 0, z: 0}
  m_LocalScale: {x: 1, y: 1, z: 1}
  m_Children:
  - {fileID: 4931386212212803860}
  - {fileID: 4931386212212803858}
  - {fileID: 4931386212212803856}
  - {fileID: 1961435055412521218}
  m_Father: {fileID: 4931386212212803862}
  m_RootOrder: 0
  m_LocalEulerAnglesHint: {x: 0, y: 0, z: 0}
--- !u!1 &4931386212212774142
GameObject:
  m_ObjectHideFlags: 0
  m_CorrespondingSourceObject: {fileID: 0}
  m_PrefabInstance: {fileID: 0}
  m_PrefabAsset: {fileID: 0}
  serializedVersion: 6
  m_Component:
  - component: {fileID: 4931386212212803870}
  - component: {fileID: 4931386212209412420}
  - component: {fileID: 4931386212210510724}
  - component: {fileID: 779133841007583098}
  - component: {fileID: 1839755157604317260}
  m_Layer: 8
  m_Name: TankTurret
  m_TagString: Untagged
  m_Icon: {fileID: 0}
  m_NavMeshLayer: 0
  m_StaticEditorFlags: 0
  m_IsActive: 1
--- !u!4 &4931386212212803870
Transform:
  m_ObjectHideFlags: 0
  m_CorrespondingSourceObject: {fileID: 0}
  m_PrefabInstance: {fileID: 0}
  m_PrefabAsset: {fileID: 0}
  m_GameObject: {fileID: 4931386212212774142}
  m_LocalRotation: {x: -0, y: -0, z: -0, w: 1}
  m_LocalPosition: {x: 0.0000104904175, y: 1.0796412, z: -0.025321364}
  m_LocalScale: {x: 1, y: 1, z: 1}
  m_Children:
  - {fileID: 9036387909907795120}
  m_Father: {fileID: 1961435055412521218}
  m_RootOrder: 1
  m_LocalEulerAnglesHint: {x: 0, y: 0, z: 0}
--- !u!33 &4931386212209412420
MeshFilter:
  m_ObjectHideFlags: 0
  m_CorrespondingSourceObject: {fileID: 0}
  m_PrefabInstance: {fileID: 0}
  m_PrefabAsset: {fileID: 0}
  m_GameObject: {fileID: 4931386212212774142}
  m_Mesh: {fileID: 4300002, guid: 002e2a607f5b64c48be0b3b0d8b8bfdd, type: 3}
--- !u!23 &4931386212210510724
MeshRenderer:
  m_ObjectHideFlags: 0
  m_CorrespondingSourceObject: {fileID: 0}
  m_PrefabInstance: {fileID: 0}
  m_PrefabAsset: {fileID: 0}
  m_GameObject: {fileID: 4931386212212774142}
  m_Enabled: 1
  m_CastShadows: 1
  m_ReceiveShadows: 1
  m_DynamicOccludee: 1
  m_MotionVectors: 1
  m_LightProbeUsage: 1
  m_ReflectionProbeUsage: 1
  m_RayTracingMode: 2
  m_RayTraceProcedural: 0
  m_RenderingLayerMask: 1
  m_RendererPriority: 0
  m_Materials:
  - {fileID: 2100000, guid: 12c120f2400576c4f97a98bcca5529bc, type: 2}
  - {fileID: 2100000, guid: c4c5f95d06932564c8672b4bafeb1b28, type: 2}
  m_StaticBatchInfo:
    firstSubMesh: 0
    subMeshCount: 0
  m_StaticBatchRoot: {fileID: 0}
  m_ProbeAnchor: {fileID: 0}
  m_LightProbeVolumeOverride: {fileID: 0}
  m_ScaleInLightmap: 1
  m_ReceiveGI: 1
  m_PreserveUVs: 0
  m_IgnoreNormalsForChartDetection: 0
  m_ImportantGI: 0
  m_StitchLightmapSeams: 1
  m_SelectedEditorRenderState: 3
  m_MinimumChartSize: 4
  m_AutoUVMaxDistance: 0.5
  m_AutoUVMaxAngle: 89
  m_LightmapParameters: {fileID: 0}
  m_SortingLayerID: 0
  m_SortingLayer: 0
  m_SortingOrder: 0
  m_AdditionalVertexStreams: {fileID: 0}
--- !u!114 &779133841007583098
MonoBehaviour:
  m_ObjectHideFlags: 0
  m_CorrespondingSourceObject: {fileID: 0}
  m_PrefabInstance: {fileID: 0}
  m_PrefabAsset: {fileID: 0}
  m_GameObject: {fileID: 4931386212212774142}
  m_Enabled: 1
  m_EditorHideFlags: 0
  m_Script: {fileID: 11500000, guid: 33c039f0c37c6db4694deddfe15ae70e, type: 3}
  m_Name: 
  m_EditorClassIdentifier: 
  shellPrefab: {fileID: 4281340828075972657, guid: f38ead3a68c285345b6ab7fe56cf226b,
    type: 3}
  barrel: {fileID: 9036387909907795120}
  shellStartForce: 100
  reloadDuration: 1
--- !u!95 &1839755157604317260
Animator:
  serializedVersion: 3
  m_ObjectHideFlags: 0
  m_CorrespondingSourceObject: {fileID: 0}
  m_PrefabInstance: {fileID: 0}
  m_PrefabAsset: {fileID: 0}
  m_GameObject: {fileID: 4931386212212774142}
  m_Enabled: 1
  m_Avatar: {fileID: 0}
  m_Controller: {fileID: 9100000, guid: e5b722b9907e27446abc0a32d4535301, type: 2}
  m_CullingMode: 0
  m_UpdateMode: 0
  m_ApplyRootMotion: 0
  m_LinearVelocityBlending: 0
  m_WarningMessage: 
  m_HasTransformHierarchy: 1
  m_AllowConstantClipSamplingOptimization: 1
  m_KeepAnimatorControllerStateOnDisable: 0
--- !u!1 &5567719770354643875
GameObject:
  m_ObjectHideFlags: 0
  m_CorrespondingSourceObject: {fileID: 0}
  m_PrefabInstance: {fileID: 0}
  m_PrefabAsset: {fileID: 0}
  serializedVersion: 6
  m_Component:
  - component: {fileID: 8539308492956548764}
  m_Layer: 8
  m_Name: Barrel
  m_TagString: Untagged
  m_Icon: {fileID: 0}
  m_NavMeshLayer: 0
  m_StaticEditorFlags: 0
  m_IsActive: 1
--- !u!4 &8539308492956548764
Transform:
  m_ObjectHideFlags: 0
  m_CorrespondingSourceObject: {fileID: 0}
  m_PrefabInstance: {fileID: 0}
  m_PrefabAsset: {fileID: 0}
  m_GameObject: {fileID: 5567719770354643875}
  m_LocalRotation: {x: 0, y: 0, z: 0, w: 1}
  m_LocalPosition: {x: 0, y: 0.03, z: 1.38}
  m_LocalScale: {x: 1, y: 1, z: 1}
  m_Children: []
  m_Father: {fileID: 7629668920249326141}
  m_RootOrder: 0
  m_LocalEulerAnglesHint: {x: 0, y: 0, z: 0}
--- !u!1 &6833392436303171388
GameObject:
  m_ObjectHideFlags: 0
  m_CorrespondingSourceObject: {fileID: 0}
  m_PrefabInstance: {fileID: 0}
  m_PrefabAsset: {fileID: 0}
  serializedVersion: 6
  m_Component:
  - component: {fileID: 1961435055412521218}
  m_Layer: 8
  m_Name: Turrets
  m_TagString: Untagged
  m_Icon: {fileID: 0}
  m_NavMeshLayer: 0
  m_StaticEditorFlags: 0
  m_IsActive: 1
--- !u!4 &1961435055412521218
Transform:
  m_ObjectHideFlags: 0
  m_CorrespondingSourceObject: {fileID: 0}
  m_PrefabInstance: {fileID: 0}
  m_PrefabAsset: {fileID: 0}
  m_GameObject: {fileID: 6833392436303171388}
  m_LocalRotation: {x: 0, y: 0, z: 0, w: 1}
  m_LocalPosition: {x: 0, y: 0, z: 0}
  m_LocalScale: {x: 1, y: 1, z: 1}
  m_Children:
  - {fileID: 7629668920249326141}
  - {fileID: 4931386212212803870}
  m_Father: {fileID: 4931386212212803866}
  m_RootOrder: 3
  m_LocalEulerAnglesHint: {x: 0, y: 0, z: 0}
--- !u!1 &7109450813990027399
GameObject:
  m_ObjectHideFlags: 0
  m_CorrespondingSourceObject: {fileID: 0}
  m_PrefabInstance: {fileID: 0}
  m_PrefabAsset: {fileID: 0}
  serializedVersion: 6
  m_Component:
  - component: {fileID: 7629668920249326141}
  - component: {fileID: 6795330271014262168}
  - component: {fileID: 8766586155531723090}
  - component: {fileID: 5473271478064033375}
  - component: {fileID: 6454675605315825049}
  m_Layer: 0
  m_Name: TankFlamesTurret
  m_TagString: Untagged
  m_Icon: {fileID: 0}
  m_NavMeshLayer: 0
  m_StaticEditorFlags: 0
  m_IsActive: 1
--- !u!4 &7629668920249326141
Transform:
  m_ObjectHideFlags: 0
  m_CorrespondingSourceObject: {fileID: 0}
  m_PrefabInstance: {fileID: 0}
  m_PrefabAsset: {fileID: 0}
  m_GameObject: {fileID: 7109450813990027399}
  m_LocalRotation: {x: 0.00000008146034, y: -0, z: -0, w: 1}
  m_LocalPosition: {x: 0, y: 0.998, z: -0.125}
  m_LocalScale: {x: 1, y: 1, z: 1}
  m_Children:
  - {fileID: 8539308492956548764}
  m_Father: {fileID: 1961435055412521218}
  m_RootOrder: 0
  m_LocalEulerAnglesHint: {x: 0, y: 0, z: 0}
--- !u!33 &6795330271014262168
MeshFilter:
  m_ObjectHideFlags: 0
  m_CorrespondingSourceObject: {fileID: 0}
  m_PrefabInstance: {fileID: 0}
  m_PrefabAsset: {fileID: 0}
  m_GameObject: {fileID: 7109450813990027399}
  m_Mesh: {fileID: 7279714567499774231, guid: 25bbd83b4daa34448be6f0b8ded6bb60, type: 3}
--- !u!23 &8766586155531723090
MeshRenderer:
  m_ObjectHideFlags: 0
  m_CorrespondingSourceObject: {fileID: 0}
  m_PrefabInstance: {fileID: 0}
  m_PrefabAsset: {fileID: 0}
  m_GameObject: {fileID: 7109450813990027399}
  m_Enabled: 1
  m_CastShadows: 1
  m_ReceiveShadows: 1
  m_DynamicOccludee: 1
  m_MotionVectors: 1
  m_LightProbeUsage: 1
  m_ReflectionProbeUsage: 1
  m_RayTracingMode: 2
  m_RayTraceProcedural: 0
  m_RenderingLayerMask: 1
  m_RendererPriority: 0
  m_Materials:
  - {fileID: 2100000, guid: 12c120f2400576c4f97a98bcca5529bc, type: 2}
  - {fileID: 2100000, guid: c39933e60e73205419d1f79a2af1fdac, type: 2}
  m_StaticBatchInfo:
    firstSubMesh: 0
    subMeshCount: 0
  m_StaticBatchRoot: {fileID: 0}
  m_ProbeAnchor: {fileID: 0}
  m_LightProbeVolumeOverride: {fileID: 0}
  m_ScaleInLightmap: 1
  m_ReceiveGI: 1
  m_PreserveUVs: 0
  m_IgnoreNormalsForChartDetection: 0
  m_ImportantGI: 0
  m_StitchLightmapSeams: 1
  m_SelectedEditorRenderState: 3
  m_MinimumChartSize: 4
  m_AutoUVMaxDistance: 0.5
  m_AutoUVMaxAngle: 89
  m_LightmapParameters: {fileID: 0}
  m_SortingLayerID: 0
  m_SortingLayer: 0
  m_SortingOrder: 0
  m_AdditionalVertexStreams: {fileID: 0}
--- !u!114 &5473271478064033375
MonoBehaviour:
  m_ObjectHideFlags: 0
  m_CorrespondingSourceObject: {fileID: 0}
  m_PrefabInstance: {fileID: 0}
  m_PrefabAsset: {fileID: 0}
  m_GameObject: {fileID: 7109450813990027399}
  m_Enabled: 1
  m_EditorHideFlags: 0
  m_Script: {fileID: 11500000, guid: 33c039f0c37c6db4694deddfe15ae70e, type: 3}
  m_Name: 
  m_EditorClassIdentifier: 
  shellPrefab: {fileID: 722133568675799740, guid: 2c248a5dea9e0dc4db3d9a3275eaa872,
    type: 3}
  barrel: {fileID: 8539308492956548764}
  shellStartForce: 10
  reloadDuration: 0.5
--- !u!95 &6454675605315825049
Animator:
  serializedVersion: 3
  m_ObjectHideFlags: 0
  m_CorrespondingSourceObject: {fileID: 0}
  m_PrefabInstance: {fileID: 0}
  m_PrefabAsset: {fileID: 0}
  m_GameObject: {fileID: 7109450813990027399}
  m_Enabled: 1
  m_Avatar: {fileID: 0}
  m_Controller: {fileID: 9100000, guid: e5b722b9907e27446abc0a32d4535301, type: 2}
  m_CullingMode: 0
  m_UpdateMode: 0
  m_ApplyRootMotion: 0
  m_LinearVelocityBlending: 0
  m_WarningMessage: 
  m_HasTransformHierarchy: 1
  m_AllowConstantClipSamplingOptimization: 1
  m_KeepAnimatorControllerStateOnDisable: 0
--- !u!1 &8394874395386276521
GameObject:
  m_ObjectHideFlags: 0
  m_CorrespondingSourceObject: {fileID: 0}
  m_PrefabInstance: {fileID: 0}
  m_PrefabAsset: {fileID: 0}
  serializedVersion: 6
  m_Component:
  - component: {fileID: 9036387909907795120}
  m_Layer: 8
  m_Name: Barrel
  m_TagString: Untagged
  m_Icon: {fileID: 0}
  m_NavMeshLayer: 0
  m_StaticEditorFlags: 0
  m_IsActive: 1
--- !u!4 &9036387909907795120
Transform:
  m_ObjectHideFlags: 0
  m_CorrespondingSourceObject: {fileID: 0}
  m_PrefabInstance: {fileID: 0}
  m_PrefabAsset: {fileID: 0}
  m_GameObject: {fileID: 8394874395386276521}
  m_LocalRotation: {x: 0, y: 0, z: 0, w: 1}
  m_LocalPosition: {x: -0.00000006454138, y: -0.05, z: 1.37}
  m_LocalScale: {x: 1, y: 1, z: 1}
  m_Children: []
  m_Father: {fileID: 4931386212212803870}
  m_RootOrder: 0
  m_LocalEulerAnglesHint: {x: 0, y: 0, z: 0}
--- !u!1001 &622318226085552868
PrefabInstance:
  m_ObjectHideFlags: 0
  serializedVersion: 2
  m_Modification:
    m_TransformParent: {fileID: 4931386212212803862}
    m_Modifications:
    - target: {fileID: 148586, guid: f7167ad2844254441b40b8a300b4f1fe, type: 3}
      propertyPath: m_Name
      value: DustTrail_Left
      objectReference: {fileID: 0}
    - target: {fileID: 148586, guid: f7167ad2844254441b40b8a300b4f1fe, type: 3}
      propertyPath: m_Layer
      value: 8
      objectReference: {fileID: 0}
    - target: {fileID: 496482, guid: f7167ad2844254441b40b8a300b4f1fe, type: 3}
      propertyPath: m_RootOrder
      value: 2
      objectReference: {fileID: 0}
    - target: {fileID: 496482, guid: f7167ad2844254441b40b8a300b4f1fe, type: 3}
      propertyPath: m_LocalPosition.x
      value: -0.612
      objectReference: {fileID: 0}
    - target: {fileID: 496482, guid: f7167ad2844254441b40b8a300b4f1fe, type: 3}
      propertyPath: m_LocalPosition.y
      value: 0.333
      objectReference: {fileID: 0}
    - target: {fileID: 496482, guid: f7167ad2844254441b40b8a300b4f1fe, type: 3}
      propertyPath: m_LocalPosition.z
      value: -1.27
      objectReference: {fileID: 0}
    - target: {fileID: 496482, guid: f7167ad2844254441b40b8a300b4f1fe, type: 3}
      propertyPath: m_LocalRotation.w
      value: 0.70710737
      objectReference: {fileID: 0}
    - target: {fileID: 496482, guid: f7167ad2844254441b40b8a300b4f1fe, type: 3}
      propertyPath: m_LocalRotation.x
      value: -0.7071062
      objectReference: {fileID: 0}
    - target: {fileID: 496482, guid: f7167ad2844254441b40b8a300b4f1fe, type: 3}
      propertyPath: m_LocalRotation.y
      value: 0.000000022351742
      objectReference: {fileID: 0}
    - target: {fileID: 496482, guid: f7167ad2844254441b40b8a300b4f1fe, type: 3}
      propertyPath: m_LocalRotation.z
      value: -0.00000007038021
      objectReference: {fileID: 0}
    - target: {fileID: 496482, guid: f7167ad2844254441b40b8a300b4f1fe, type: 3}
      propertyPath: m_LocalEulerAnglesHint.x
      value: 0
      objectReference: {fileID: 0}
    - target: {fileID: 496482, guid: f7167ad2844254441b40b8a300b4f1fe, type: 3}
      propertyPath: m_LocalEulerAnglesHint.y
      value: 0
      objectReference: {fileID: 0}
    - target: {fileID: 496482, guid: f7167ad2844254441b40b8a300b4f1fe, type: 3}
      propertyPath: m_LocalEulerAnglesHint.z
      value: 0
      objectReference: {fileID: 0}
    - target: {fileID: 19895962, guid: f7167ad2844254441b40b8a300b4f1fe, type: 3}
      propertyPath: useRigidbodyForVelocity
      value: 0
      objectReference: {fileID: 0}
    m_RemovedComponents: []
  m_SourcePrefab: {fileID: 100100000, guid: f7167ad2844254441b40b8a300b4f1fe, type: 3}
--- !u!4 &622318226085458310 stripped
Transform:
  m_CorrespondingSourceObject: {fileID: 496482, guid: f7167ad2844254441b40b8a300b4f1fe,
    type: 3}
  m_PrefabInstance: {fileID: 622318226085552868}
  m_PrefabAsset: {fileID: 0}
--- !u!1001 &3388815784093456475
PrefabInstance:
  m_ObjectHideFlags: 0
  serializedVersion: 2
  m_Modification:
    m_TransformParent: {fileID: 4931386212212803862}
    m_Modifications:
    - target: {fileID: 148586, guid: f7167ad2844254441b40b8a300b4f1fe, type: 3}
      propertyPath: m_Name
      value: DustTrail_Right
      objectReference: {fileID: 0}
    - target: {fileID: 148586, guid: f7167ad2844254441b40b8a300b4f1fe, type: 3}
      propertyPath: m_Layer
      value: 8
      objectReference: {fileID: 0}
    - target: {fileID: 496482, guid: f7167ad2844254441b40b8a300b4f1fe, type: 3}
      propertyPath: m_RootOrder
      value: 3
      objectReference: {fileID: 0}
    - target: {fileID: 496482, guid: f7167ad2844254441b40b8a300b4f1fe, type: 3}
      propertyPath: m_LocalPosition.x
      value: 0.578
      objectReference: {fileID: 0}
    - target: {fileID: 496482, guid: f7167ad2844254441b40b8a300b4f1fe, type: 3}
      propertyPath: m_LocalPosition.y
      value: 0.313
      objectReference: {fileID: 0}
    - target: {fileID: 496482, guid: f7167ad2844254441b40b8a300b4f1fe, type: 3}
      propertyPath: m_LocalPosition.z
      value: -1.27
      objectReference: {fileID: 0}
    - target: {fileID: 496482, guid: f7167ad2844254441b40b8a300b4f1fe, type: 3}
      propertyPath: m_LocalRotation.w
      value: 0.70710737
      objectReference: {fileID: 0}
    - target: {fileID: 496482, guid: f7167ad2844254441b40b8a300b4f1fe, type: 3}
      propertyPath: m_LocalRotation.x
      value: -0.7071062
      objectReference: {fileID: 0}
    - target: {fileID: 496482, guid: f7167ad2844254441b40b8a300b4f1fe, type: 3}
      propertyPath: m_LocalRotation.y
      value: 0.000000022351742
      objectReference: {fileID: 0}
    - target: {fileID: 496482, guid: f7167ad2844254441b40b8a300b4f1fe, type: 3}
      propertyPath: m_LocalRotation.z
      value: -0.00000007038021
      objectReference: {fileID: 0}
    - target: {fileID: 496482, guid: f7167ad2844254441b40b8a300b4f1fe, type: 3}
      propertyPath: m_LocalEulerAnglesHint.x
      value: 0
      objectReference: {fileID: 0}
    - target: {fileID: 496482, guid: f7167ad2844254441b40b8a300b4f1fe, type: 3}
      propertyPath: m_LocalEulerAnglesHint.y
      value: 0
      objectReference: {fileID: 0}
    - target: {fileID: 496482, guid: f7167ad2844254441b40b8a300b4f1fe, type: 3}
      propertyPath: m_LocalEulerAnglesHint.z
      value: 0
      objectReference: {fileID: 0}
    - target: {fileID: 19895962, guid: f7167ad2844254441b40b8a300b4f1fe, type: 3}
      propertyPath: useRigidbodyForVelocity
      value: 0
      objectReference: {fileID: 0}
    m_RemovedComponents: []
  m_SourcePrefab: {fileID: 100100000, guid: f7167ad2844254441b40b8a300b4f1fe, type: 3}
--- !u!4 &3388815784093879097 stripped
Transform:
  m_CorrespondingSourceObject: {fileID: 496482, guid: f7167ad2844254441b40b8a300b4f1fe,
    type: 3}
  m_PrefabInstance: {fileID: 3388815784093456475}
  m_PrefabAsset: {fileID: 0}
